@article{beran2014hypercube,
  title={Hypercube estimators: Penalized least squares, submodel selection, and numerical stability},
  author={Beran, Rudolf},
  journal={Computational Statistics \& Data Analysis},
  volume={71},
  pages={654--666},
  year={2014},
  publisher={Elsevier}
}

@article{leisch2008creating,
  title={Creating R Packages: A Tutorial},
  author={Leisch, Friedrich},
  year={2008},
  publisher={Physica Verlag}
}

@article{ullah1985specification,
  title={Specification analysis of econometric models},
  author={Ullah, Aman},
  journal={Journal of Quantitative Economics},
  volume={1},
  pages={187--209},
  year={1985}
}

@misc{scheffe1959analysis,
  title={The analysis of variance. A Wiley publication in mathematical statistics},
  author={Scheff{\'e}, H},
  year={1959},
  publisher={Wiley}
}
