@article{beran2014hypercube,
  title={Hypercube estimators: Penalized least squares, submodel selection, and numerical stability},
  author={Beran, Rudolf},
  journal={Computational Statistics \& Data Analysis},
  volume={71},
  pages={654--666},
  year={2014},
  publisher={Elsevier}
}

@article{leisch2008creating,
  title={Creating R Packages: A Tutorial},
  author={Leisch, Friedrich},
  year={2008},
  publisher={Physica Verlag}
}